
@misc{LaTeX2020,
  author    = {LaTeX Project Team},
  title     = {New LaTeX methods for authors: starting 2020},
  year      = {2020},
  publisher = {Microsoft Learn},
  address   = {SÃ£o Paulo, SP},
  url       = {https://www.latex-project.org/help/documentation/usrguide3.pdf},
  addendum  = {Acesso em: 24/11/2022.}
}

@article{SomeAuthor2022,
  author    = {Some Author},
  doi       = {123.456.789.0},
  issn      = {0123-4567},
  issue     = {10},
  journal   = {Some Very Important Magazine},
  keywords  = {Words, Full, Of, Meaning},
  month     = {12},
  pages     = {999-1001},
  publisher = {Very Important Institite (VII)},
  title     = {Recent Advances in Something Very Relevant},
  volume    = {ABC1},
  url       = {https://www.the.article.site/file.pdf},
  year      = {2022}
}

@book{Genius1801,
  title     = {The Book by a Genius},
  author    = {Dr. Genius},
  isbn      = {999999999999},
  series    = {Books from amazing authors},
  year      = {1801},
  publisher = {Antique Press},
  keywords  = {genial, amazing, wow}
}
